
@article{mohamad_2021,
	title = {Service chatbots: A systematic review},
	volume = {184},
	issn = {0957-4174},
	shorttitle = {Service chatbots},
	url = {https://www.sciencedirect.com/science/article/pii/S0957417421008745},
	doi = {10.1016/j.eswa.2021.115461},
	language = {en},
	urldate = {2023-07-18},
	journal = {Expert Systems with Applications},
	author = {Mohamad Suhaili, Sinarwati and Salim, Naomie and Jambli, Mohamad Nazim},
	month = dec,
	year = {2021},
	keywords = {Chatbots, Conversational agents, Survey, Systematic literature review},
	pages = {115461},
}

@inproceedings{hussain_survey_2019,
	address = {Cham},
	series = {Advances in Intelligent Systems and Computing},
	title = {A {Survey} on {Conversational} {Agents}/{Chatbots} {Classification} and {Design} {Techniques}},
	isbn = {978-3-030-15035-8},
	doi = {10.1007/978-3-030-15035-8_93},
	language = {en},
	booktitle = {Web, {Artificial} {Intelligence} and {Network} {Applications}},
	publisher = {Springer International Publishing},
	author = {Hussain, Shafquat and Ameri Sianaki, Omid and Ababneh, Nedal},
	editor = {Barolli, Leonard and Takizawa, Makoto and Xhafa, Fatos and Enokido, Tomoya},
	year = {2019},
	keywords = {AIML, Algorithms, Chatbots, Chatscript, Classifications, Conversational agents, Design techniques conversational context, Generative based, Machine learning, Neural network, Pattern matching, Retrieval based, Rule based},
	pages = {946--956},
}


@misc{zaib_short_2021,
	title = {A Short Survey of Pre-trained Language Models for Conversational AI-A NewAge in NLP},
	url = {http://arxiv.org/abs/2104.10810},
	doi = {10.48550/arXiv.2104.10810},
	urldate = {2023-05-30},
	publisher = {arXiv},
	author = {Zaib, Munazza and Sheng, Quan Z. and Zhang, Wei Emma},
	month = apr,
	year = {2021},
	note = {arXiv:2104.10810 [cs]},
	keywords = {Computer Science - Artificial Intelligence, Computer Science - Computation and Language, Computer Science - Information Retrieval}
}

@article{montenegro_survey_2019,
	title = {Survey of conversational agents in health},
	volume = {129},
	issn = {0957-4174},
	doi = {10.1016/j.eswa.2019.03.054},
	language = {English},
	journal = {Expert Systems with Applications},
	author = {Montenegro, J.L.Z. and da Costa, C.A. and da Rosa Righi, R.},
	year = {2019},
	keywords = {Chatbot, Conversational agents, Expert systems, Health, Systematic review, Reading Finished},
	pages = {56--67}
}


@misc{rasa,
	title = {Conversational {AI} {Platform} {\textbar} {Superior} {Customer} {Experiences} {Start} {Here}},
	url = {https://rasa.com/},
	language = {en},
	urldate = {2023-06-06},
	journal = {Rasa},
	month = dec,
	year = {2020}
}

@misc{aws,
	title = {{AWS} {Lex} - {Amazon} {Web} {Services}},
	url = {https://aws.amazon.com/pt/lex/},
	language = {pt-BR},
	urldate = {2023-06-06},
	journal = {Amazon Web Services, Inc.}
}

@misc{opendial,
	title = {plison/opendial},
	url = {https://github.com/plison/opendial},
	urldate = {2023-06-06},
	author = {Lison, Pierre},
	month = apr,
	year = {2023},
	note = {original-date: 2015-03-21T18:11:36Z},
}

@misc{dialogflow,
	title = {Documentação do {Dialogflow}},
	url = {https://cloud.google.com/dialogflow/docs?hl=pt-br},
	language = {pt-BR-x-mtfrom-en},
	urldate = {2023-06-06},
	journal = {Google Cloud},
}

@misc{botpress,
	title = {Botpress {\textbar} a plataforma {Generative} {AI} para {ChatGPT} {Chatbots}},
	url = {https://botpress.com/pt/},
	language = {pt},
	urldate = {2023-06-06}
}

@misc{chatterbot,
	title = {About {ChatterBot} — {ChatterBot} 1.0.8 documentation},
	url = {https://chatterbot.readthedocs.io/en/stable/},
	urldate = {2023-06-06},
}

@article{Zhao2023,
   author = {Wayne Xin Zhao and Kun Zhou and Junyi Li and Tianyi Tang and Xiaolei Wang and Yupeng Hou and Yingqian Min and Beichen Zhang and Junjie Zhang and Zican Dong and Yifan Du and Chen Yang and Yushuo Chen and Zhipeng Chen and Jinhao Jiang and Ruiyang Ren and Yifan Li and Xinyu Tang and Zikang Liu and Peiyu Liu and Jian-Yun Nie and Ji-Rong Wen},
   keywords = {Adaptation Tuning,Alignment,Capacity Evaluation !,Emergent Abilities,Index Terms-Large Language Models,Utilization},
   month = {3},
   title = {A Survey of Large Language Models},
   url = {https://arxiv.org/abs/2303.18223v10},
   year = {2023},
}

@article{wankhade_survey_2022,
	title = {A survey on sentiment analysis methods, applications, and challenges},
	volume = {55},
	issn = {1573-7462},
	url = {https://doi.org/10.1007/s10462-022-10144-1},
	doi = {10.1007/s10462-022-10144-1},
	language = {en},
	number = {7},
	urldate = {2023-07-25},
	journal = {Artificial Intelligence Review},
	author = {Wankhade, Mayur and Rao, Annavarapu Chandra Sekhara and Kulkarni, Chaitanya},
	month = oct,
	year = {2022},
	keywords = {Machine learning, Sentiment analysis, Social media, Text analysis, Word embedding},
	pages = {5731--5780}
}

@inproceedings{kaur_survey_2017,
	title = {A survey of sentiment analysis techniques},
	doi = {10.1109/I-SMAC.2017.8058315},
	booktitle = {2017 {International} {Conference} on {I}-{SMAC} ({IoT} in {Social}, {Mobile}, {Analytics} and {Cloud}) ({I}-{SMAC})},
	author = {Kaur, Harpreet and Mangat, Veenu and {Nidhi}},
	month = feb,
	year = {2017},
	keywords = {Algorithm design and analysis, Classification algorithms, Feature extraction, features selection, machine learning, Mobile communication, Motion pictures, sentiment analysis, Sentiment analysis, sentiment classification, Support vector machines},
	pages = {921--925}
}

@inproceedings{strapparava_learning_2008,
	address = {New York, NY, USA},
	series = {{SAC} '08},
	title = {Learning to identify emotions in text},
	isbn = {978-1-59593-753-7},
	url = {https://doi.org/10.1145/1363686.1364052},
	doi = {10.1145/1363686.1364052},
	urldate = {2023-07-26},
	booktitle = {Proceedings of the 2008 {ACM} symposium on {Applied} computing},
	publisher = {Association for Computing Machinery},
	author = {Strapparava, Carlo and Mihalcea, Rada},
	month = mar,
	year = {2008},
	keywords = {emotion analysis, emotion annotation, sentiment analysis},
	pages = {1556--1560},
}

@misc{ISEAR,
	title = {Papers with {Code} - {ISEAR} {Dataset}},
	url = {https://paperswithcode.com/dataset/isear},
	language = {en},
	urldate = {2023-07-26}
}

@inproceedings{baccianella_sentiwordnet_2010,
	address = {Valletta, Malta},
	title = {{SentiWordNet} 3.0: {An} {Enhanced} {Lexical} {Resource} for {Sentiment} {Analysis} and {Opinion} {Mining}},
	shorttitle = {{SentiWordNet} 3.0},
	url = {http://www.lrec-conf.org/proceedings/lrec2010/pdf/769_Paper.pdf},
	urldate = {2023-07-26},
	booktitle = {Proceedings of the {Seventh} {International} {Conference} on {Language} {Resources} and {Evaluation} ({LREC}'10)},
	publisher = {European Language Resources Association (ELRA)},
	author = {Baccianella, Stefano and Esuli, Andrea and Sebastiani, Fabrizio},
	month = may,
	year = {2010},
}

@misc{IMDB,
	title = {{IMDb} {Non}-{Commercial} {Datasets}},
	url = {https://developer.imdb.com/non-commercial-datasets/},
	abstract = {IMDb Non-Commercial Datasets},
	language = {en},
	urldate = {2023-07-26},
	journal = {IMDb Developer}
}

@misc{SST,
	title = {Recursive {Deep} {Models} for {Semantic} {Compositionality} {Over} a {Sentiment} {Treebank}},
	url = {https://nlp.stanford.edu/sentiment/treebank.html},
	urldate = {2023-07-26}
}

@misc{SaifmohammadLexicons,
	title = {{NRC} {Emotion} {Lexicon}},
	url = {https://saifmohammad.com/WebPages/NRC-Emotion-Lexicon.htm},
	urldate = {2023-07-26}
}
